
@article{AbiJaberLarssonPulido2019,
    author = {Abi Jaber, Eduardo and Larsson, Martin and Pulido, Sergio},
    title = {{Affine Volterra processes}},
    volume = {29},
    journal = {The Annals of Applied Probability},
    number = {5},
    publisher = {Institute of Mathematical Statistics},
    pages = {3155-3200},
    keywords = {Affine processes, Riccati–Volterra equations, Rough volatility, Stochastic Volterra equations},
    year = {2019}
}

@article{BayerFrizGatheral2016,
    author = {Christian Bayer and Peter Friz and Jim Gatheral},
    title = {Pricing under rough volatility},
    journal = {Quantitative Finance},
    volume = {16},
    number = {6},
    pages = {887-904},
    year = {2016}
}

@article{BennedsenLundePakkanen2021,
    author = {Mikkel Bennedsen and Asger Lunde and Mikko S. Pakkanen},
    title = {Decoupling the Short- and Long-Term Behavior of Stochastic Volatility},
    journal = {Journal of Financial Econometrics},
    volume = {19},
    number = {2},
    pages = {301-328},
    year = {2021}
}

@book{Björk2009,
    author    = {Björk, Tomas},
    title     = {Arbitrage Theory in Continuous Time},
    year      = {2009},
    publisher = {Oxford University Press},
    edition   = {3rd}
}

@article{BlackScholes1973,
    author = {Fischer Black and Myron Scholes},
    title = {The Pricing of Options and Corporate Liabilities},
    journal = {Journal of Political Economy},
    volume = {81},
    number = {3},
    pages = {637-654},
    year = {1973}
}

@article{CarmonaCoutin1998,
    author = {Philippe Carmona and Laure Coutin},
    title = {{Fractional Brownian Motion and the Markov Property}},
    volume = {3},
    journal = {Electronic Communications in Probability},
    number = {none},
    pages = {95-107},
    year = {1998}
}

@article{CarmonaCoutinMontseny2000,
    title={Approximation of some Gaussian processes},
    author={Carmona, Philippe and Coutin, Laure and Montseny, G{\'e}rard},
    journal={Statistical inference for stochastic processes},
    volume={3},
    pages={161-171},
    year={2000},
    publisher={Springer}
}

@article{ComteRenault1998,
    author = {Fabienne Comte and Eric Renault},
    title = {Long Memory in Continuous-Time Stochastic Volatility Models},
    journal = {Mathematical Finance},
    volume = {8},
    number = {4},
    pages = {291-323},
    year = {1998}
}

@article{Cont2001,
    author = {Rama Cont},
    title = {Empirical Properties of Asset Returns: Stylized Facts and Statistical Issues},
    journal = {Quantitative Finance},
    volume = {1},
    number = {2},
    pages = {223-236},
    year = {2001}
}

@phdthesis{Damian2021,
    author = {Camilla Damian},
    title = {Statistical Inference for Partial Information Models in Finance: Three Essays},
    school = {Vienna University of Economics and Business},
    year = {2021},
    address = {Vienna},
    pages = {ii, 97 Blätter},
    language = {English},
    keywords = {Inference, Partial Information, Nonlinear Filtering, Markov Chains, Financial Mathematics},
    url = {https://permalink.obvsg.at/wuw/AC16426351},
    type = {PhD thesis}
}

@article{DamianFrey2024,
    author = {Camilla Damian and Rüdiger Frey},
    title = {Detecting rough volatility: a filtering approach},
    journal = {Quantitative Finance},
    volume = {24},
    number = {10},
    pages = {1493-1508},
    year = {2024}
}

@article{ElEuchRosenbaum2019,
    author = {El Euch, Omar and Rosenbaum, Mathieu},
    title = {The characteristic function of rough Heston models},
    journal = {Mathematical Finance},
    volume = {29},
    number = {1},
    pages = {3-38},
    year = {2019}
}

@article{Fukasawa2011,
    author = {Masaaki Fukasawa},
    title = {Asymptotic Analysis for Stochastic Volatility: Edgeworth Expansion},
    volume = {16},
    journal = {Electronic Journal of Probability},
    publisher = {Institute of Mathematical Statistics and Bernoulli Society},
    pages = {764-791},
    year = {2011}
}


@article{Fukasawa2017,
    author  = {Masaaki Fukasawa},
    title   = {Short-Time At-the-Money Skew and Rough Fractional Volatility},
    journal = {Quantitative Finance},
    volume  = {17},
    number  = {2},
    pages   = {189-198},
    year    = {2017}
}

@article{GatheralJaissonRosenbaum2018,
    author = {Jim Gatheral and Thibault Jaisson and Mathieu Rosenbaum},
    title = {Volatility is Rough},
    journal = {Quantitative Finance},
    volume = {18},
    number = {6},
    pages = {933-949},
    year = {2018}
}

@misc{Gatheral2024,
    title = {10 years of rough volatility: A current perspective},
    author = {Gatheral, Jim},
    year = {2024},
    howpublished = {XXV Workshop on Quantitative, Bologna},
    note = {Available at: \url{https://mfe.baruch.cuny.edu/wp-content/uploads/2024/04/RoughVolatilityBologna2024.pdf}}
}

@article{Heston1993,
    author = {Steven L. Heston},
    journal = {The Review of Financial Studies},
    number = {2},
    pages = {327-343},
    publisher = {[Oxford University Press, Society for Financial Studies]},
    title = {A Closed-Form Solution for Options with Stochastic Volatility with Applications to Bond and Currency Options},
    volume = {6},
    year = {1993}
}

@article{Rubinstein1985,
    author = {Rubinstein, Mark},
    title = {Nonparametric Tests of Alternative Option Pricing Models Using All Reported Trades and Quotes on the 30 Most Active CBOE Option Classes from August 23, 1976 through August 31, 1978},
    journal = {The Journal of Finance},
    volume = {40},
    number = {2},
    pages = {455-480},
    year = {1985}
}

